2221 2730
1013 51 1217 81 —5-

181 151 336 183 Primum
362 154 481 183 autem
504 162 575 183 non
599 150 711 183 solum
723 150 962 182 Tullianorum
987 149 1222 193 exemplorum
1238 150 1326 183 ratio
1343 149 1505 182 habenda
1523 153 1585 191 est,
1601 149 1662 181 sed
1680 149 1835 181 omnium
1857 152 2050 189 auctorum,

183 207 269 239 quos
304 196 540 229 laudaverunt
575 195 815 238 grammatici,
854 195 1135 237 quandoquidem
1165 195 1287 228 horum
1317 195 1474 228 fontibus
1507 195 1654 238 repertis
1683 195 1808 227 melius
1839 206 1880 226 ac
1911 193 2051 226 facilius

184 241 380 275 diiudicare
398 253 590 285 possumus,
609 241 735 284 quibus
761 253 804 274 ex
819 240 976 274 fontibus
994 241 1152 274 derivata
1177 241 1247 273 sint
1271 241 1472 274 testimonia
1497 252 1537 273 ex
1553 240 1725 273 Cicerone
1742 239 1896 273 laudata.
1934 239 2050 272 Huius

185 288 278 320 enim
302 288 484 331 scriptoris
510 287 744 330 exemplorum
768 286 883 319 fontes
909 287 1113 330 plerumque
1145 287 1372 327 occultantur,
1407 287 1552 319 aliorum
1577 290 1692 318 autem
1724 293 1905 318 auctorum
1934 285 2050 318 fontes

183 334 220 366 in
244 333 430 377 propatulo
457 333 657 377 saepissime
683 335 831 365 exstant.
845 332 1000 365 ——Haec
1016 332 1272 376 praemittenda
1296 332 1381 365 mihi
1406 332 1482 364 visa
1506 336 1596 374 sunt,
1615 336 1653 365 ut
1678 332 1901 375 insequentia
1925 331 2052 364 melius

185 379 445 421 intellegantur.

352 434 406 466 Ac
430 434 633 477 plerumque
647 433 846 465 Priscianus
872 433 1028 476 exempla
1053 432 1306 476 deprompsisse
1325 433 1465 465 videtur
1490 445 1531 465 ex
1545 433 1656 476 Capro
1682 433 1920 475 grammatico,
1948 443 2051 474 quem

186 479 273 513 duos
287 480 399 513 libros
414 480 658 523 grammaticos
672 479 850 523 scripsisse
876 479 1018 512 scimus:
1033 478 1160 512 librum
1178 479 1374 521 „enucleati
1400 479 1589 512 sermonis‘·
1608 490 1669 512 seu
1689 478 1752 521 ,(10
1770 478 1964 511 Latinitate
1990 489 2052 510 seu

186 526 228 557 de
261 526 387 568 lingua
401 526 547 557 Latina“
576 530 610 557 et
627 525 754 557 librum
774 525 837 566 ⁷,de
863 525 978 557 dubiis
1003 525 1190 567 generibus
1214 526 1270 556 vel
1288 525 1386 557 dubii
1403 526 1572 567 generis-3·
1616 525 1912 557 Commemoratur
1936 531 2052 556 autem

186 572 300 615 Caper
325 583 344 604 a
359 572 537 604 Prisciano
562 570 634 603 fere
659 571 805 613 triginta
830 570 915 603 locis
941 574 1045 613 atque
1069 570 1237 614 imprimis
1262 571 1298 602 in
1322 570 1420 603 libris
1446 570 1705 603 institutionum
1723 570 1848 611 Y—X,
1868 581 2050 612 nusquam,

185 618 222 649 ni
246 617 360 658 fallor,
387 618 424 650 in
448 617 547 649 libris
571 617 678 649 XVII
704 621 738 649 et
763 617 897 649 XVIII.
946 617 1030 649 Illos
1055 628 1137 649 vero
1164 617 1266 660 Capri
1292 617 1399 649 libros
1437 616 1632 649 abundasse
1671 616 1855 659 exemplis.
1888 627 1977 658 quae
2009 627 2051 647 ex

186 663 503 695 vetustissimorum
528 666 707 694 auctorum
733 663 870 705 scriptis
896 666 1033 705 sumpta
1065 666 1172 702 erant,
1200 663 1283 693 satis
1316 674 1486 704 superque
1519 674 1560 693 ex
1594 663 1702 704 ipsius
1733 663 1905 693 Prisciani
1934 661 2052 692 verbis

187 709 307 741 elucet.
350 709 384 741 Is
423 708 514 740 enim
551 707 652 740 dicit:
690 708 726 739 in
763 708 829 740 vol.
857 708 891 739 II
922 719 954 750 p.
983 710 1056 740 212.
1085 711 1102 740 5
1140 712 1228 740 teste
1267 708 1398 751 Capro,
1438 707 1530 750 apud
1567 719 1669 749 quem
1706 707 1863 750 exempla
1901 707 2051 747 invenis,

186 766 219 797 p.
240 757 313 793 129,
331 756 346 785 7’
374 754 475 785 105115
502 754 574 785 eius
589 753 709 796 Caper,
736 754 795 795 qui
820 753 1034 785 diversorum
1061 753 1105 785 de
1128 753 1369 785 huiuscemodi
1394 753 1592 785 nominibus
1610 753 1726 795 posuit
1751 765 1833 785 usus
1860 757 2052 785 auctorum.

186 812 219 844 p.
249 803 323 841 204,
352 804 370 832 6
397 801 508 842 Caper
531 803 648 831 tamen
674 804 708 831 et
734 799 885 842 cepicius
911 804 945 830 et
971 799 1141 842 cepicium
1170 807 1305 831 veteres
1336 798 1464 831 dixisse
1499 798 1663 831 ostendit.
1713 810 1744 841 p.
1773 802 1847 831 391».
1876 801 1917 831 26
1944 798 2054 830 Vetu-

187 846 330 877 stissimi
356 849 471 877 autem
500 845 609 877 multa
646 845 695 876 sic
731 845 951 887 protulerunt
980 844 1122 877 contusa
1154 845 1399 877 terminatione
1431 853 1519 876 teste
1551 845 1673 887 Capro.
1715 856 1747 886 p.
1787 848 1862 885 393,
1892 848 1931 876 13
1970 855 2054 886 quo-

188 903 262 923 rum
294 895 452 923 auctores
483 890 575 933 apud
607 890 756 933 Caprum
787 890 917 932 legant,
950 890 1009 932 qui
1035 901 1092 921 eos
1119 890 1205 922 scire
1232 890 1442 922 desiderant.
1492 902 1524 932 p.
1553 893 1627 929 5131,
1656 893 1674 920 9
1709 890 1898 922 Sciendum
1924 898 2054 930 tamen,

189 937 282 979 quod
299 936 385 969 haec
404 937 519 968 onmia
536 936 763 968 inveniuntur
779 935 1011 979 perfectorum
1029 935 1299 968 declinationem
1317 936 1482 968 habentia
1508 936 1544 967 in
1569 947 1633 968 usu
1653 944 1808 968 veterum
1826 944 1914 968 teste
1930 936 2053 979 Capro.

353 992 539 1024 Praeterea
563 990 655 1023 idem
681 990 848 1034 suspicari
873 990 955 1023 licet
981 1002 1022 1023 ex
1048 990 1117 1022 illis
1142 990 1237 1027 locis,
1256 990 1316 1023 ubi
1334 991 1437 1034 Capri
1462 1001 1589 1022 nomen
1615 1001 1692 1022 cum
1718 991 1795 1022 aliis
1817 991 2055 1032 grammaticis

190 1038 427 1069 consociatum
453 1037 596 1068 affertur
620 1037 716 1068 velut
741 1038 776 1068 in
802 1037 908 1068 Prisc.
935 1037 1044 1068 instit.
1071 1037 1130 1068 lib.
1158 1037 1188 1068 V
1213 1049 1245 1079 p.
1276 1040 1348 1076 171,
1378 1040 1418 1068 14
1447 1038 1578 1079 ,Supra
1605 1037 1776 1068 dictorum
1801 1045 1918 1069 tamen
1945 1038 2056 1069 nomi-

190 1095 273 1115 num
303 1094 384 1114 usus
417 1090 451 1114 et
488 1081 580 1125 apud
613 1083 762 1125 Caprum
793 1086 827 1113 et
862 1081 954 1125 apud
983 1081 1135 1114 Probum
1164 1082 1206 1114 de
1238 1081 1353 1114 dubiis
1384 1082 1572 1123 generibus
1604 1082 1776 1113 nix-enim·-
1812 1083 1846 1114 in
1878 1083 1936 1114 1111.
1969 1082 2058 1114 VIII

192 1133 266 1170 393,
300 1134 319 1160 8
352 1128 443 1171 ,Sed
475 1132 510 1160 et
541 1139 655 1160 eorum
688 1131 721 1160 et
754 1128 969 1171 superiorum
999 1128 1152 1161 omnium
1181 1140 1263 1161 usus
1293 1132 1364 1160 tam
1396 1127 1490 1171 3111111
1524 1128 1672 1171 0311111111
1703 1139 1806 1171 quam
1838 1128 1992 1161 Plinium
2024 1135 2058 1160 et

190 1175 341 1206 Probum
366 1174 561 1208 invenies-³2
589 1174 665 1205 aliis
691 1174 776 1205 locis
802 1174 899 1205 Velut
923 1174 990 1205 vol.
1017 1174 1052 1205 II
1077 1185 1108 1216 p.
1135 1177 1212 1206 49⁴».
1240 1180 1274 1205 b':
1302 1186 1333 1216 p.
1362 1177 1436 1213 5113.
1466 1177 1494 1205 7.
1522 1186 1608 1215 quos
1634 1175 1745 1205 mitto.
1784 1175 1841 1205 Ad
1868 1175 1956 1206 hanc
1983 1186 2057 1206 rem

192 1219 434 1263 explicandam
458 1222 635 1262 praeterea
661 1219 860 1251 testimonia
886 1219 1031 1251 aliorum
1056 1219 1360 1261 grammaticorum
1385 1226 1554 1262 spectant.
1587 1230 1675 1261 quae
1707 1219 1855 1251 subinde
1890 1220 1925 1251 in
1951 1231 2058 1251 unum

192 1266 335 1308 colligo:
362 1266 461 1298 Char.
488 1265 555 1297 vol.
583 1265 599 1297 I
625 1277 656 1308 p.
687 1268 759 1305 145,
789 1268 840 1297 20.
870 1266 1013 1308 ..Itaque
1040 1265 1167 1297 dixisse
1194 1273 1328 1297 veteres
1356 1265 1467 1308 Caper
1493 1265 1546 1297 1118
1573 1265 1738 1308 exemplis
1769 1265 1903 1298 docet*
1956 1266 2057 1298 Char.

191 1313 207 1343 I
237 1315 310 1353 145,
339 1315 379 1343 23
397 1312 524 1353 ,.Testu
548 1319 586 1342 111
611 1322 705 1353 genu
730 1312 781 1342 Fl.
798 1311 909 1354 Caper
934 1316 1068 1343 veteres
1095 1312 1143 1342 ait
1167 1312 1219 1343 nti
1245 1312 1396 1343 solitos:-
1437 1311 1536 1343 Char.
1564 1312 1580 1342 I
1608 1314 1681 1343 194.
1710 1315 1765 1343 31:
1794 1312 1894 1343 Char.
1926 1315 1999 1343 195.
2027 1315 2057 1352 43

192 1357 293 1389 Char.
325 1360 398 1398 195,
428 1360 483 1397 19:
524 1357 624 1388 Char.
656 1360 726 1397 199,
757 1360 807 1388 111.
835 1357 948 1399 Sergii
975 1357 1031 1388 vel
1057 1357 1167 1388 Servii
1195 1357 1367 1399 explana-t.
1396 1357 1430 1388 in
1445 1357 1571 1388 Donat.
1598 1356 1658 1388 lib.
1678 1357 1703 1388 I.
1720 1357 1852 1389 vol.IV
1877 1369 1908 1400 p.
1929 1361 2007 1398 49⁴5.
2028 1364 2057 1390 δι

191 1403 333 1445 Pompei
359 1406 541 1435 comment.
561 1402 592 1434 V
613 1405 685 1443 154,
715 1405 755 1434 lo
784 1405 1021 1444 ..Quamquam
1048 1409 1081 1434 et
1106 1402 1171 1434 hoc
1196 1403 1372 1445 piissimus
1398 1402 1611 1445 vituperavit
1631 1403 1751 1434 Cicero
1778 1403 1813 1434 in
1838 1403 2057 1446 Philippicis:

193 1448 277 1480 dicit
304 1459 384 1489 ,non
414 1452 530 1490 potest
558 1447 734 1490 piissimus
765 1448 834 1479 dici
863 1459 925 1490 per
955 1459 1068 1479 rerum
1097 1455 1293 1479 naturamz··
1328 1448 1518 1479 insultabat
1545 1448 1710 1479 Antonio.
1752 1456 1811 1480 .111·
1849 1449 1908 1480 311.
1952 1456 2060 1480 .111010

193 1505 327 1537 semper
351 1493 417 1525 hoc
442 1492 547 1525 verbo
571 1493 772 1535 piissimus',·'
799 1500 916 1525 tamen
942 1494 1061 1536 Caper.
1089 1493 1147 1525 ille
1172 1494 1338 1535 magister
1362 1493 1515 1535 Augusti
1546 1493 1702 1525 Caesaris
1734 1493 1927 1525 elaboravit
1956 1494 2060 1526 vehe-

192 1540 405 1571 mentissime
432 1543 465 1570 et
491 1538 534 1570 de
560 1539 718 1581 epistulis
737 1539 913 1570 Ciceronis
939 1539 1081 1580 collegit
1107 1539 1192 1570 haec
1217 1538 1332 1570 verba.
1360 1538 1419 1570 11111
1445 1538 1579 1570 dixerat
1606 1539 1680 1581 ipse
1699 1539 1820 1571 Cicero
1846 1540 2057 1582 piissimus?

193 1586 310 1628 Pomp.
339 1588 520 1617 comment.
549 1584 614 1616 vol.
642 1584 672 1616 V
697 1596 729 1627 p.
759 1587 832 1626 187,
862 1588 916 1626 111;
938 1587 1011 1625 243,
1033 1588 1085 1616 21.
1112 1584 1284 1628 Excerpta
1304 1596 1344 1616 ex
1371 1592 1553 1616 comment.
1581 1584 1617 1616 in
1636 1585 1762 1617 Donat.
1792 1585 1821 1617 Υ
1848 1597 1879 1628 p.
1901 1589 1976 1627 327,
2003 1589 2058 1618 15:

194 1631 313 1664 Rufini
340 1634 522 1663 comment.
548 1631 586 1662 in
610 1637 707 1662 metr.
735 1631 871 1663 Terent.
899 1631 964 1663 vol.
991 1631 1041 1662 VI
1067 1643 1098 1674 p.
1127 1634 1202 1669 5⁴55,
1230 1635 1263 1663 5:
1292 1631 1341 1662 Vi
1369 1634 1443 1672 55⁴5,
1472 1633 1523 1663 2⁰.

362 1686 495 1724 Quibus
520 1685 673 1728 prolatis,
702 1697 778 1717 cum
804 1686 1010 1727 quaerimus,
1045 1697 1132 1727 quae
1159 1685 1314 1728 exempla
1342 1697 1382 1716 ex
1413 1696 1538 1727 magna
1565 1686 1625 1717 illa
1657 1686 1755 1729 copia
1782 1687 1817 1717 in
1842 1687 1941 1718 libris
1968 1688 2060 1718 Pris—

195 1732 286 1764 ciani
317 1732 361 1764 ad
387 1732 535 1775 Caprum
562 1735 729 1774 spectent,
756 1732 923 1763 nonnulla
948 1735 1065 1774 aperte
1091 1732 1135 1763 ad
1160 1731 1253 1763 illius
1280 1731 1473 1763 doctrinam
1498 1730 1617 1763 referri
1643 1741 1788 1775 possunt
1820 1732 1862 1764 ct.
1889 1733 1996 1765 Prisc.
2026 1733 2060 1764 II

196 1781 269 1815 212,
304 1782 342 1810 15
383 1777 496 1819 ‚quod
529 1778 640 1820 Caper
676 1777 828 1809 ostendit
866 1777 908 1809 de
946 1777 1061 1809 dubiis
1097 1777 1293 1819 generibus.
1332 1778 1492 1809 Verrium
1524 1777 1685 1809 Flaccum
1715 1779 1872 1821 posuisse
1905 1779 2061 1811 .allecem

194 1824 293 1856 hanc·
333 1824 461 1855 dicens.
522 1823 607 1855 Pris.
634 1823 667 1854 II
697 1826 770 1864 las,
799 1827 838 1855 22
866 1823 985 1866 Caper,
1013 1823 1233 1855 doctissimus
1271 1823 1490 1864 antiquitatis
1528 1831 1772 1865 perscrutator,
1801 1824 1955 1856 ostendit
1995 1824 2061 1857 hoc

195 1881 295 1902 usum
321 1869 495 1902 Catullum
524 1876 557 1901 et
581 1869 775 1901 Plautum.*·
815 1869 920 1901 Prisc.
948 1869 984 1900 II
1010 1873 1061 1900 915.
1090 1873 1107 1900 2
1134 1869 1277 1901 Plautus
1304 1869 1339 1900 in
1366 1868 1532 1911 Captivis.
1560 1869 1682 1901 Livius
1708 1870 1744 1901 in
1770 1869 1937 1912 Odyssea.
1988 1871 2062 1902 An-

195 1915 361 1948 tecedunt
390 1926 459 1947 uno
489 1926 591 1947 versu
617 1923 697 1946 ante
728 1915 795 1947 duo
825 1915 981 1957 exempla
1013 1915 1204 1947 Ciceronis:
1243 1915 1313 1946 Cic.
1347 1914 1391 1946 ad
1421 1915 1638 1947 Herennium
1669 1915 1757 1947 libro
1789 1916 1834 1947 V:
1869 1916 1990 1948 Cicero
2028 1918 2063 1948 in

195 1963 299 1993 tertio
326 1962 370 1993 ad
394 1961 623 1993 Herennium:
652 1962 808 2002 sequitur
832 1961 867 1992 in
893 1973 924 1992 v.
955 1964 987 1992 17
1019 1972 1050 2003 p.
1079 1964 1119 1992 915
1153 1961 1273 1992 Cicero
1299 1961 1335 1992 111
1360 1961 1395 1991 II
1421 1960 1465 1992 ad
1492 1961 1708 1993 Herennium
1740 1962 1781 1993 cf.
1809 1963 1915 1994 Prisc.
1950 1966 2003 2004 97,
2033 1967 2062 1995 7.

196 2007 256 2039 ubi
281 2007 392 2050 Caper
416 2006 541 2038 iterum
564 2005 734 2038 laudatur.
767 2025 810 2028 —
843 2006 948 2038 Prisc.
980 2006 1014 2037 II
1041 2009 1116 2047 354,
1144 2010 1162 2037 §³
1194 2006 1366 2038 Caecilius
1393 2006 1428 2037 in
1460 2006 1620 2049 epiclero.
1672 2008 1782 2049 Prope
1810 2015 1948 2039 exstant
1975 2008 2063 2040 haec

198 2053 354 2096 exempla
380 2065 419 2084 ex
435 2053 601 2084 Cicerone
626 2052 767 2084 laudata
792 2052 858 2084 vol.
878 2052 913 2084 II
938 2063 969 2095 p.
990 2054 1064 2092 354,
1094 2055 1132 2084 21
1162 2052 1231 2084 Cic.
1258 2063 1319 2094 pro
1337 2052 1493 2094 Ligario:
1522 2064 1553 2095 p.
1571 2055 1646 2085 355.
1668 2057 1685 2083 ἓν
1713 2054 1834 2085 Cicero
1861 2053 1905 2085 de
1932 2054 2064 2097 811111111-

198 2099 274 2139 ciis:
301 2110 332 2142 p.
362 2102 436 2139 355,
468 2101 501 2130 17
534 2098 655 2130 010010
681 2098 723 2129 ad
749 2098 965 2130 Herennium
990 2098 1026 2129 in
1051 2098 1114 2130 III.
1131 2116 1174 2120 —-
1199 2098 1303 2129 Prisc.
1331 2098 1367 2129 II
1394 2101 1501 2138 5351
1532 2099 1614 2130 Luc.
1643 2107 1694 2130 831
1720 2099 1809 2131 XIV
1838 2100 1992 2142 „Caperu
2023 2126 2028 2131 .
2057 2127 2062 2132 .

199 2149 232 2177 et
257 2144 388 2188 profert
414 2143 609 2187 exemplum
635 2143 793 2176 Lucilii.··'
836 2143 1061 2175 Antecedunt
1086 2155 1116 2186 p.
1137 2146 1212 2185 534,
1243 2146 1282 2175 14
1309 2143 1378 2175 Cic.
1407 2144 1442 2175 in
1467 2143 1694 2176 frumentaria
1722 2153 1755 2176 et
1781 2157 1813 2188 p.
1834 2148 1910 2177 534.
1940 2149 1981 2177 24
2007 2146 2064 2177 01-

200 2203 277 2224 cero
302 2202 363 2234 pro
387 2191 526 2223 Roscio.
554 2209 596 2212 —
621 2190 773 2233 Propriis
798 2198 914 2222 autem
938 2189 1054 2221 verbis
1080 2189 1143 2222 sub
1169 2189 1308 2221 nomine
1336 2190 1439 2232 Capri
1464 2190 1600 2222 nullum
1633 2191 1830 2234 exemplum
1861 2191 2065 2224 Tullianum

200 2237 292 2280 apud
305 2237 520 2269 Priscianum
538 2236 717 2268 laudatum
742 2237 921 2279 reperitur,
941 2236 1009 2267 nisi
1033 2247 1141 2268 unum
1166 2235 1259 2278 quod
1283 2246 1353 2267 una
1380 2247 1457 2267 cum
1483 2236 1559 2268 aliis
1586 2236 1701 2268 verbis
1719 2237 1765 2269 M.
1781 2237 1946 2269 Hertzius
1964 2239 2065 2270 uncis

199 2283 358 2315 rotundis
383 2283 559 2324 inclusitl)
585 2281 627 2314 cf.
654 2282 759 2314 Prisc.
786 2293 817 2314 v.
844 2282 879 2314 II
904 2294 935 2325 p.
964 2285 1038 2313 530.
1069 2284 1118 2313 is.
1168 2282 1241 2313 Nec
1271 2282 1386 2313 minus
1416 2282 1542 2314 mirum
1569 2290 1629 2323 cst.
1664 2283 1756 2324 quod
1783 2284 1819 2315 in
1850 2284 1953 2327 Capri
1980 2284 2065 2316 duo-

367 2393 386 2421 1)
408 2393 491 2419 Haec
511 2392 603 2419 verba
624 2391 750 2419 Hertzio
772 2395 894 2418 auctore
915 2390 1022 2417 melius
1034 2389 1202 2417 Theodoro.
1218 2389 1367 2416 Prisciani
1390 2389 1548 2426 discipulo.
1571 2391 1754 2419 tribuuntur.
1780 2392 1817 2419 ef.
1831 2392 1951 2420 Hertzii
1972 2393 2067 2428 praes.

202 2440 228 2457 v.
249 2430 279 2457 II
298 2440 325 2466 p.
346 2429 494 2456 XXVIII:
522 2429 558 2456 cf.
585 2438 612 2465 p.
634 2429 752 2455 XXIX:
782 2428 929 2463 „stu-tasse
955 2428 1034 2455 inter
1060 2427 1290 2455 describendum
1317 2427 1377 2454 alia
1404 2436 1441 2454 ex
1463 2427 1509 2454 iis.
1538 2437 1614 2463 quae
1636 2438 1689 2465 per
1717 2430 1837 2457 scholas
1866 2440 1883 2456 a
1909 2430 2068 2457 Prisciano

202 2467 323 2494 habitas
349 2466 484 2493 notando
512 2466 583 2493 olim
604 2470 785 2493 consecutus
806 2469 879 2492 erat.
902 2464 1016 2492 addidit
1038 2464 1240 2491 Theodoruss·
1261 2480 1291 2483 —
1317 2464 1391 2491 Cum
1414 2472 1515 2492 antem
1536 2465 1616 2492 idem
1638 2467 1809 2503 exemplum
1831 2467 2008 2494 Tullianum
2031 2467 2068 2493 ad

202 2504 327 2531 verbum
349 2503 513 2533 obviamsit
534 2512 580 2538 ap.
606 2502 699 2529 Prisc.
720 2502 749 2529 II
769 2512 796 2538 p.
818 2504 879 2530 544.
895 2504 937 2529 26.
959 2501 1034 2528 illud
1054 2501 1225 2536 exemplum
1247 2511 1264 2528 a
1279 2500 1436 2528 Prisciano
1459 2510 1495 2528 ex
1518 2502 1625 2529 eodem
1646 2504 1730 2531 sonte
1747 2504 1906 2540 Capriano.
1929 2504 2069 2539 quamvis

204 2540 292 2576 Capri
313 2549 424 2566 nomen
445 2549 505 2566 non
527 2540 699 2575 appositum
721 2539 768 2572 511,
790 2539 1000 2574 depromptum
1021 2547 1086 2564 0550
1108 2538 1304 2564 manifestum
1325 2544 1381 2564 est.
