2221 2730
1035 49 1240 79 -7-

208 151 435 191 praeceptum
460 147 574 180 allata.
612 147 687 180 Iam
711 148 844 191 respice
868 146 928 180 lib.
946 147 1017 180 VH
1033 149 1053 188 ἓ
1072 150 1114 180 78
1138 159 1171 191 p.
1198 150 1273 189 354,
1300 150 1320 180 8
1345 159 1407 191 sq.,
1433 147 1592 180 invenies
1617 150 1803 188 auctorem,
1818 156 1887 188 quo
1912 156 1995 177 usus
2020 147 2075 177 est

208 193 270 226 illo
299 193 376 226 loco
404 193 617 234 Priscianus,
649 192 700 225 ibi
730 193 823 225 enim
853 192 1000 224 eandem
1028 204 1102 225 rem
1130 196 1284 225 tractans
1314 193 1464 236 Caprum
1493 193 1666 224 nominat:
1700 192 1758 234 „in
1785 202 1854 233 quo
1883 191 1984 223 testis
2020 193 2075 223 est

210 239 321 284 Caper
346 266 353 272 .
381 266 387 273 .
413 238 567 273 ostendit
592 239 694 282 enim,
709 238 900 273 Caecilium
924 239 962 272 in
986 238 1136 283 epiclero
1161 238 1211 272 sic
1234 238 1451 283 pmtuhssef‘
1489 237 1589 271 Idem
1606 237 1804 282 exemplum
1819 236 1858 269 in
1873 247 1906 281 p.
1927 238 2072 278 235,12,

210 285 273 318 ubi
298 286 402 329 Capri
426 297 553 318 nomen
577 297 649 318 non
673 285 788 318 afferri
813 296 916 329 supra
941 286 1217 318 commemoravi.
1242 305 1287 309 —
1311 285 1432 318 Simile
1458 285 1624 328 quiddam
1648 297 1714 317 usu
1738 284 1836 317 venit
1860 283 1898 316 in
1922 282 2005 316 libri
2021 283 2074 316 IV

210 333 229 372 ἓ
256 334 296 364 21
323 331 359 364 II
383 343 415 375 p.
445 334 519 373 129,
547 334 564 364 7
600 334 656 374 „et
680 331 780 364 testis
810 332 883 364 eius
910 331 1029 375 Caper,
1061 331 1121 374 qui
1152 331 1367 373 diversorum
1397 331 1439 363 de
1469 330 1710 363 huiuscemodi
1741 329 1942 362 nominibus
1972 329 2074 372 ponit

209 389 292 410 usus
317 381 497 410 auctorum
522 378 622 420 ete.,“
649 381 682 410 et
707 378 741 410 in
767 377 849 410 libri
866 377 935 410 VII
961 379 1034 417 §61
1061 389 1093 421 p.
1111 380 1185 419 337,
1203 380 1253 419 19,
1279 377 1350 419 ubi,
1377 377 1535 420 quamvis
1560 377 1759 409 Priscianus
1785 375 1937 419 Caprum
1961 375 2073 407 nomi-

208 424 319 457 natim
342 435 414 457 non
438 423 568 465 afferat,
599 424 715 457 omnia
740 423 898 468 exempla
925 422 1047 457 referri
1076 423 1211 468 possint
1241 427 1334 457 certo
1366 423 1409 456 ad
1441 434 1529 456 eum.
1580 423 1656 463 Qua
1686 422 1729 455 de
1764 433 1867 455 causa
1898 432 1977 454 cum
2006 421 2073 453 hoc

209 470 287 503 loco
311 469 406 502 haud
431 469 537 502 dubie
553 470 751 502 Priscianus
775 470 927 513 vestigia
940 470 1043 513 Capri
1066 471 1239 513 presserit,
1266 470 1486 512 insequentia
1511 470 1668 512 exempla
1693 469 1738 501 ad
1763 468 1913 501 eundem
1937 467 2073 500 fontem

209 515 383 559 pertinere
407 515 563 558 putanda
588 519 678 557 sunt,
704 516 908 559 praesertim
933 527 1011 548 cum
1034 516 1144 548 multa
1168 516 1392 548 inveniantur
1417 516 1453 547 in
1477 515 1574 547 libris
1599 515 1632 547 V
1650 518 1684 547 et
1708 514 1759 547 VI
1784 518 1818 546 et
1841 514 1955 554 VHP),
1983 524 2072 556 quae

212 561 425 604 deprompsit
461 561 658 594 Priscianus
696 573 737 594 ex
774 562 894 604 Capro.
921 580 965 584 —
1001 561 1109 594 Refer
1143 562 1252 603 igitur
1288 561 1331 593 ad
1369 562 1518 604 Caprum
1554 561 1712 604 exempla
1748 560 1925 592 Tulliana:
1964 559 2071 591 Prisc.

210 618 241 650 p.
270 610 344 649 339,
370 609 392 638 4
418 607 488 639 Cic.
515 607 558 639 de
584 607 702 649 signis.
767 606 874 639 Prisc.
906 619 938 650 p.
970 610 1045 649 339,
1073 611 1091 639 5
1123 607 1221 639 Idem
1246 607 1282 639 in
1311 606 1547 639 frumentaria.
1612 607 1718 638 Prisc.
1749 618 1781 649 p.
1814 608 1889 647 339,
1924 608 1966 637 20
1999 605 2070 637 Cic.

212 664 273 696 pro
297 653 451 685 Murena.

374 698 544 740 Pleraque
570 698 661 741 apud
674 699 889 731 Priscianum
914 699 951 731 in
975 699 1065 731 libro
1082 699 1114 731 V
1131 699 1271 731 fluxisse
1297 710 1338 730 ex
1352 699 1463 741 Capro
1489 698 1640 730 affirmat
1653 698 1850 730 Priscianus
1875 709 1907 740 p.
1937 700 2012 737 171,
2031 699 2072 729 14

214 744 346 788 „Supra
372 744 543 777 dictorum
567 748 685 776 tamen
709 745 887 777 nominum
912 756 993 777 usus
1019 748 1053 777 et
1078 744 1170 788 apud
1196 744 1346 787 Caprum
1372 751 1405 776 et
1431 744 1522 787 apud
1547 743 1698 776 Probum
1724 743 1766 775 de
1792 743 1907 775 dubiis
1933 743 2070 785 generi-

210 790 275 822 bus
300 790 469 821 invenisf
521 791 718 822 Concinunt
743 795 858 823 autem
882 792 969 822 miro
995 791 1144 832 quodam
1168 791 1270 822 modo
1296 791 1386 822 inter
1411 803 1446 822 se
1473 790 1509 822 in
1533 790 1636 822 rebus
1662 790 1899 831 grammaticis
1925 788 2014 821 liber
2038 789 2070 821 V

211 840 246 868 et
258 835 318 878 VI,
343 835 380 867 id
405 835 498 878 quod
522 835 625 868 modo
649 836 686 867 in
711 836 936 868 adnotatione
962 836 1087 867 leviter
1104 835 1267 867 indicavi.
1309 836 1489 867 Interdum
1514 836 1561 867 ita
1589 836 1679 867 inter
1705 847 1740 867 se
1766 838 1959 867 consonant
1978 835 2069 875 libri.

212 889 250 915 ut
277 882 397 914 eadem
422 882 580 925 exempla
608 883 646 914 in
675 882 764 915 libro
789 883 840 915 VI
865 895 953 925 quae
983 882 1020 915 in
1043 882 1131 915 libro
1157 882 1188 915 V
1218 882 1283 915 tibi
1316 885 1512 923 occurrant:
1545 882 1681 925 saepius
1713 881 1821 914 altero
1851 881 1927 914 loco
1960 881 2070 913 conti-

214 931 342 959 nentur
366 928 534 970 exempla,
561 939 649 969 quae
674 928 916 960 desiderantur
941 929 1048 959 altero
1074 929 1215 960 alterius
1240 929 1331 960 libri.
1380 929 1477 960 Haec
1508 935 1624 959 autem
1655 928 1809 969 exempla
1836 939 1967 959 summa
1994 940 2072 959 cum

211 973 456 1017 probabilitate
482 973 526 1006 ad
551 973 700 1006 eundem
724 973 856 1007 font-em
881 973 1001 1006 referri
1027 985 1066 1006 ac
1090 985 1144 1006 res
1169 974 1423 1016 grammaticas,
1451 985 1538 1016 quae
1568 974 1659 1005 inter
1690 986 1725 1005 sc
1757 980 1959 1005 consonant.
1994 985 2070 1005 cum

210 1031 272 1062 per
296 1031 332 1051 se
357 1020 544 1051 verisimile
570 1023 623 1051 est
647 1024 721 1051 tum
746 1020 811 1052 hac
835 1032 872 1052 re
898 1020 1154 1062 comprobatur:
1181 1020 1283 1052 Nulla
1310 1020 1466 1062 exempla
1493 1032 1545 1062 ap.
1565 1020 1670 1051 Prisc.
1698 1032 1729 1062 p.
1760 1022 1832 1051 14⁴3.
1855 1023 1894 1051 16
1922 1029 2070 1053 exstant.

211 1064 272 1097 sed
302 1068 486 1097 occurrunt
515 1064 582 1096 tibi
611 1065 778 1097 nonnulla
808 1077 860 1108 ap.
891 1066 997 1097 Prisc.
1029 1077 1061 1108 p.
1094 1068 1169 1106 212,
1198 1069 1227 1100 5,
1261 1076 1327 1107 quo
1359 1066 1434 1097 loco
1464 1066 1710 1107 grammaticus
1743 1065 1784 1096 (1(·
1817 1065 1939 1096 iisdem
1970 1065 2073 1096 rebus

211 1111 447 1153 grammaticis
473 1111 656 1152 disserens,
691 1123 727 1143 se
753 1111 954 1144 adhibuisse
984 1112 1133 1154 Caprum
1164 1111 1280 1143 verbis
1309 1119 1418 1153 ..teste
1449 1111 1579 1154 Capro*
1614 1110 1804 1154 profitetur.
1855 1111 1930 1143 Ηο(·
1957 1121 2073 1143 autem

211 1156 287 1188 loco
312 1167 382 1187 non
407 1156 518 1188 solum
542 1168 597 1187 res
622 1157 866 1197 grammaticas
888 1169 929 1188 ex
943 1158 1054 1199 Capro
1073 1157 1194 1188 ductas
1220 1168 1304 1197 esse,
1332 1157 1393 1188 sed
1419 1158 1524 1188 etiam
1542 1157 1707 1198 exempla.
1728 1168 1815 1198 quae
1833 1157 1869 1188 in
1886 1169 1917 1198 p.
1937 1160 2009 1188 146.
2033 1160 2071 1188 16

213 1201 463 1243 desiderantur,
490 1201 643 1234 dilucide
668 1205 813 1245 apparet
838 1214 880 1235 ex
904 1202 1020 1235 verbis
1045 1202 1215 1234 Prisciani
1243 1202 1354 1245 „apud
1381 1214 1483 1245 quem
1509 1202 1663 1245 exempla
1691 1202 1859 1233 invenis:-
1889 1213 1932 1244 ff*-
1962 1205 2036 1239 212,
2053 1205 2071 1233 5

211 1247 253 1280 cf.
286 1251 361 1289 212,
396 1251 435 1280 15
468 1248 583 1290 „quod
615 1248 725 1291 Caper
750 1249 902 1281 ostendit
928 1249 970 1280 de
996 1248 1111 1280 dubiis
1144 1248 1378 1290 generibus&
1433 1248 1566 1287 Quibus
1597 1249 1632 1280 in
1658 1248 1755 1280 libris
1787 1248 1955 1280 Prisciani
1987 1248 2071 1280 haec

210 1294 371 1326 Tulliana
396 1293 440 1325 ad
458 1295 608 1336 Caprum
632 1294 759 1326 refero:
786 1295 891 1326 Prisc.
911 1294 970 1326 lib.
997 1295 1028 1325 V
1052 1306 1084 1336 p.
1116 1297 1187 1335 181,
1218 1297 1257 1325 12
1284 1294 1403 1326 Cicero
1429 1306 1490 1337 pro
1516 1295 1561 1326 M.
1587 1294 1762 1326 Marcello.
1790 1294 1894 1326 Prisc.
1926 1294 1984 1325 lib.
2022 1294 2071 1325 VI

209 1351 241 1382 p.
270 1343 345 1381 226,
372 1341 393 1371 4
422 1339 515 1371 idem
552 1340 814 1382 exemplum.-—
832 1341 937 1372 Prisc.
968 1340 1027 1371 lib.
1061 1340 1092 1371 V
1120 1352 1151 1382 p.
1189 1343 1261 1380 152,
1294 1343 1312 1371 3
1344 1340 1463 1371 Cicero
1495 1340 1532 1371 in
1557 1340 1756 1381 Protagora.
1798 1340 1903 1372 Prisc.
1934 1339 1993 1371 lib.
2021 1340 2071 1371 VI

210 1397 241 1428 p.
270 1389 345 1426 226,
373 1389 391 1416 9
417 1385 509 1417 idem
543 1386 746 1428 exemplum.
773 1405 816 1408 —
845 1386 951 1419 Prisc.
989 1386 1047 1418 lib.
1081 1386 1111 1417 V
1148 1398 1180 1428 p.
1210 1388 1282 1426 146,
1310 1389 1329 1417 8
1367 1386 1422 1417 hic
1461 1394 1493 1417 et
1520 1385 1606 1418 haec
1643 1385 1755 1418 homo.
1788 1386 1893 1417 Prisc.
1926 1385 1986 1417 lib.
2021 1385 2070 1417 VI

209 1443 241 1475 p.
281 1434 366 1473 206,
408 1434 449 1463 14
485 1431 586 1464 homo
624 1431 794 1473 hominis,
834 1432 925 1475 quod
963 1439 1013 1465 est
1051 1443 1252 1473 commune.
1293 1431 1412 1464 Cicero
1450 1443 1510 1475 pro
1537 1432 1707 1464 Cluentio.
1735 1450 1779 1454 ——-
1808 1432 1914 1463 Prisc.
1947 1431 2007 1463 lib.
2040 1432 2071 1463 V

209 1490 240 1521 p.
270 1480 343 1519 147,
363 1480 384 1510 4
409 1478 511 1510 Anio.
537 1478 643 1509 Prisc.
670 1479 727 1511 lib.
754 1479 803 1510 VI
830 1482 904 1510 268.
934 1482 950 1511 7
978 1479 1097 1510 Cicero
1123 1490 1184 1521 pro
1210 1478 1369 1510 Cornelio
1395 1478 1430 1510 in
1456 1478 1481 1510 1.
1509 1498 1551 1500 -
1578 1478 1683 1510 Prisc.
1710 1478 1769 1510 lib.
1796 1478 1846 1510 YI
1872 1490 1903 1521 p.
1932 1480 2007 1510 219.
2031 1480 2067 1510 11

211 1524 310 1565 ,Aris‘
338 1524 407 1556 Cic.
447 1535 509 1567 pro
535 1523 678 1556 Scauro:
706 1524 765 1557 lib.
791 1525 841 1557 VI
866 1536 898 1568 p.
926 1528 1000 1566 219,
1031 1527 1070 1556 12
1097 1524 1211 1556 ..idem
1235 1524 1272 1556 in
1298 1524 1449 1556 eadem:-
1478 1525 1583 1556 Prisc.
1614 1524 1673 1556 lib.
1701 1524 1769 1556 ΥΠ
1799 1536 1830 1567 p.
1858 1527 1934 1565 312,
1970 1527 2010 1556 19
2036 1524 2073 1556 in

210 1582 241 1602 v.
270 1573 309 1602 21
336 1570 430 1602 idem
456 1570 650 1613 exemplum
669 1571 905 1606 Scaurianum.
933 1571 1025 1613 quod
1050 1571 1135 1614 inp.
1157 1572 1299 1611 219,12.
1349 1571 1529 1603 Praeterea
1556 1571 1591 1603 in
1616 1571 1669 1611 iis,
1697 1582 1784 1613 quae
1811 1570 2072 1613 subsequuntur

209 1615 301 1658 apud
329 1616 544 1647 Priscianum
570 1616 607 1647 in
630 1627 662 1658 p.
696 1620 774 1657 2318,
809 1621 843 1658 3,
881 1618 922 1649 cf.
955 1617 1057 1659 Capri
1089 1617 1142 1657 ,de
1175 1617 1432 1659 orthographia·
1465 1617 1601 1655 librum,
1634 1628 1777 1658 gramm.
1809 1617 1867 1648 lat.
1900 1617 1967 1648 vol.
2001 1617 2070 1649 VII

208 1673 240 1705 p.
271 1664 344 1704 loo,
375 1664 402 1694 1.

372 1707 447 1739 1am
472 1719 552 1739 vero
577 1715 616 1739 ut
641 1708 685 1740 ad
710 1720 767 1740 eos
798 1708 891 1741 locos
918 1709 1057 1751 propius
1088 1708 1260 1740 accedam.
1292 1708 1352 1740 ubi
1383 1710 1494 1751 Caper
1518 1720 1587 1740 una
1613 1720 1691 1740 cuni
1721 1708 1799 1740 aliis
1831 1709 2072 1751 grammaticis

208 1753 370 1785 laudatur
396 1753 451 1789 (cf.
477 1753 582 1784 Prisc.
613 1765 645 1795 p.
676 1757 748 1794 171,
778 1757 831 1794 143
863 1755 967 1786 Prisc.
994 1766 1026 1796 p.
1055 1757 1129 1794 3923,
1162 1759 1204 1793 9),
1231 1753 1477 1785 difficillimum
1508 1761 1558 1785 est
1592 1754 1794 1795 diiudicare,
1828 1754 1912 1796 quid
1945 1754 2069 1797 Capro,

209 1799 294 1841 quid
319 1799 395 1831 aliis
420 1798 654 1841 grannnaticis
679 1799 904 1833 tribuendum
930 1800 983 1832 sit.
1023 1800 1118 1838 Quae
1144 1799 1334 1842 disputatio
1361 1811 1400 1832 eo
1418 1799 1628 1843 implicatior
1646 1808 1707 1832 est.
1735 1799 1828 1842 quod
1854 1800 1966 1843 Caper
1991 1811 2070 1832 auc-

208 1845 342 1877 toribus
368 1845 483 1877 Plinio
509 1848 543 1877 et
567 1846 680 1878 Probo
705 1858 787 1878 usus
813 1850 874 1887 est,
900 1847 1097 1878 Priscianus
1124 1854 1240 1877 autem
1264 1857 1334 1877 non
1359 1846 1511 1889 inspexit
1536 1846 1641 1877 Plinii
1667 1853 1700 1878 et
1726 1846 1830 1878 Probi
1862 1846 1980 1885 libros,
2008 1846 2070 1878 sed

207 1902 269 1934 per
294 1891 443 1933 Caprum
480 1903 522 1922 ex
558 1891 627 1923 illis
664 1892 790 1924 hausit.
843 1893 896 1925 Ita
934 1892 982 1933 fit,
1020 1899 1058 1924 ut
1096 1892 1243 1934 saepius,
1283 1892 1312 1923 si
1348 1892 1459 1934 primo
1497 1891 1623 1924 obtutu
1659 1892 1852 1935 Caprianae
1891 1892 2071 1924 doctrinae

209 1936 359 1978 vestigia
382 1937 558 1968 invenisse
583 1937 648 1969 tibi
673 1938 811 1979 videris,
839 1938 1032 1971 accuratius
1053 1938 1232 1980 inquirens
1264 1946 1297 1969 et
1329 1938 1475 1970 aliorum
1499 1938 1805 1979 grammaticorum
1830 1958 1872 1960 —
1900 1949 1986 1980 quos
2012 1939 2071 1970 iis-

209 1982 287 2015 dem
311 1982 467 2015 fontibus
492 1993 571 2016 usos
597 1995 671 2016 esse
696 1984 921 2018 manifestum
947 1984 1197 2028 est—scripta
1222 1983 1258 2015 in
1284 1984 1449 2016 auxilium
1475 1995 1614 2023 vocans,
1642 1984 1701 2015 illa
1726 1984 1884 2027 exempla
1898 1984 2071 2027 Capriana

208 2042 249 2061 ex
274 2029 379 2061 Probi
404 2033 438 2061 et
463 2030 568 2061 Plinii
593 2031 729 2062 scriniis
761 2031 964 2074 deprompta
994 2031 1161 2063 invenias.
1225 2030 1457 2069 Quamobrem
1487 2031 1717 2073 investigatio
1747 2030 1897 2063 fontium
1928 2030 2071 2073 quibus-

208 2075 287 2107 dam
311 2075 396 2107 locis
421 2075 477 2107 vel
502 2075 620 2107 multis
644 2080 716 2108 tam
741 2076 894 2109 difficilis
920 2080 982 2118 est,
1008 2080 1047 2109 ut
1072 2076 1271 2108 assentiaris
1299 2077 1429 2108 Osanni
1454 2076 1581 2118 verbis,
1609 2088 1696 2119 quae
1722 2076 1808 2109 facit
1833 2078 1869 2109 in
1895 2088 2072 2109 commen-

207 2122 339 2154 tatione
379 2121 442 2164 „de
479 2122 531 2154 Fl.
565 2122 674 2166 Capro
712 2127 746 2155 et
781 2122 988 2167 Agroecio&
1026 2121 1282 2166 grammaticis*
1310 2134 1342 2165 p.
1372 2125 1409 2154 11
1439 2122 1483 2155 ad
1507 2123 1612 2155 Prisc.
1640 2122 1698 2155 lib.
1726 2123 1757 2155 V
1782 2135 1814 2166 p.
1845 2126 1918 2164 171,
1950 2126 2001 2155 14.
2029 2142 2072 2145 —

370 2249 393 2284 ¹)
413 2248 449 2276 In
470 2248 529 2276 illis
549 2249 634 2277 libris
656 2252 751 2287 Caper
770 2251 951 2279 nominatim
972 2250 1096 2278 affertur
1117 2249 1163 2277 his
1184 2249 1272 2277 locis:
1294 2249 1388 2277 Prisc.
1410 2251 1440 2277 ΙΙ
1460 2260 1486 2286 p.
1510 2252 1570 2277 163.
1593 2252 1640 2277 22:
1665 2252 1723 2277 158.
1746 2254 1792 2285 22:
1815 2253 1877 2278 20⁴.
1899 2254 1928 2277 6:
1957 2253 2019 2278 212.
2042 2253 2073 2278 5:

207 2288 268 2320 260,
291 2288 337 2321 18,
359 2289 420 2319 264,
443 2289 490 2318 16;
511 2288 572 2321 322,
594 2290 622 2319 2;
645 2290 703 2315 171.
727 2291 767 2316 14.
789 2306 819 2309 -
845 2288 990 2316 Conferas
1011 2288 1061 2315 lib.
1082 2288 1139 2315 VII
1158 2287 1252 2314 Prisc.
1274 2289 1335 2315 339
1359 2289 1391 2315 17
1413 2291 1441 2315 et
1463 2288 1513 2315 lib.
1541 2288 1582 2315 VI
1603 2290 1663 2316 264.
1686 2290 1714 2315 7:
1737 2288 1830 2315 Prisc.
1852 2288 1902 2316 lib.
1926 2288 1951 2315 V
1974 2290 2034 2320 163,
2056 2291 2073 2315 4

207 2327 236 2350 et
257 2323 306 2350 lib.
327 2324 370 2350 VI
390 2326 451 2356 268,
474 2326 506 2350 16
527 2324 565 2350 et.
586 2324 682 2360 Caper
706 2327 763 2353 vol.
785 2326 842 2353 VII
867 2336 894 2362 p.
917 2328 977 2360 107,
1001 2328 1032 2352 12
1054 2325 1134 2352 3(10.;
1162 2325 1256 2351 Prisc.
1278 2325 1329 2351 lib.
1351 2325 1407 2352 VH
1434 2327 1496 2352 338.
1517 2327 1533 2352 :3
1555 2333 1584 2353 et
1611 2326 1661 2352 lib.
1683 2326 1725 2352 VI
1746 2328 1807 2353 248.
1830 2328 1877 2353 15:
1905 2326 1999 2353 Prisc.
2020 2326 2072 2353 lib.

207 2360 263 2387 VII
283 2361 345 2392 339,
367 2362 382 2386 7
405 2364 435 2388 et
455 2360 506 2387 lib.
528 2361 561 2388 V.
584 2362 644 2395 160,
666 2365 690 2389 6.

369 2398 390 2431 9)
411 2397 520 2425 Gissae
542 2400 612 2425 1849
632 2399 740 2437 Script.
761 2400 844 2428 acad.
865 2400 896 2427 in
917 2410 944 2436 p.
973 2401 1004 2427 12
1033 2399 1200 2433 „Videlicet
1226 2404 1343 2434 spectat
1370 2399 1445 2426 haec
1473 2398 1621 2426 Prisciani
1648 2403 1721 2427 nota
1742 2399 1779 2427 ad
1801 2400 1903 2427 onmia
1924 2409 1969 2427 ea.
1992 2409 2070 2435 quae

206 2435 237 2461 in
263 2434 513 2462 antecedentibus
534 2435 570 2462 de
592 2435 682 2464 dubio
704 2438 846 2473 varioque
867 2437 1023 2465 nominum
1042 2445 1150 2472 genere
1178 2439 1207 2463 et
1233 2436 1348 2472 prolixe
1375 2442 1404 2463 et
1431 2436 1548 2464 erudite
1577 2437 1715 2473 exposita
1742 2441 1826 2464 sunt:
1856 2446 1932 2473 quae
1960 2437 2073 2465 exscri-

206 2472 277 2499 bere
298 2471 390 2502 nolui,
412 2481 473 2499 non
494 2472 574 2507 quod
593 2473 731 2509 longiora
751 2479 830 2508 sunt,
850 2484 947 2510 neque
970 2478 1051 2501 certo
1071 2474 1175 2509 liquet.
1198 2483 1215 2500 a
1235 2482 1293 2508 quo
1314 2473 1383 2500 inde
1405 2474 1472 2501 loco
1493 2474 1671 2501 Priscianus
1692 2474 1722 2501 in
1752 2474 1942 2510 singularum
1963 2484 2074 2502 vocum

205 2508 383 2536 recensione
404 2508 493 2544 Capri
514 2513 544 2536 et
561 2509 652 2538 Probi
671 2511 842 2548 praeceptis
864 2521 935 2539 usus
959 2511 1012 2538 sit:
1032 2511 1086 2538 sed
1106 2510 1186 2545 quod
1206 2519 1323 2545 quoque
1345 2510 1411 2537 loco
1431 2510 1564 2538 discerni
1584 2520 1645 2538 non
1665 2516 1776 2547 potest.
1798 2521 1876 2547 quae
1898 2512 1988 2548 Capri
2010 2511 2074 2539 sint

206 2554 283 2581 quae
297 2545 388 2572 Probi
410 2546 483 2573 etc.“
514 2545 635 2579 Quanta
655 2548 836 2576 difficultate
857 2549 898 2576 sit
918 2548 949 2575 in
969 2548 1081 2575 talibus
1102 2547 1190 2574 rebus
1210 2547 1439 2583 perscrutandis
1458 2552 1574 2575 certum
1594 2548 1740 2575 iudicium
1761 2549 1850 2576 ferre.
1873 2549 2074 2584 comprobant
